@article{crystfel,
    author = {T. A. White and R. A. Kirian and A. V. Martin and A. Aquila and K. Nass and A. Barty and H. N. Chapman},
    title = {CrystFEL: a software suite for snapshot serial crystallography},
    journal = {J. Appl. Cryst.},
    volume = {45},
    pages = {335--341},
    year = {2012}
}

@misc{hdf5,
    author = {L. A. Wasser},
    title = {Hierarchical Data Formats - What is HDF5?},
    howpublished = {NSF NEON | Open Data to Understand our Ecosystems},
    note = {\url{https://www.neonscience.org/resources/learning-hub/tutorials/about-hdf5}},
    year = {n.d.}
}

@misc{lochdf5,
    title = {Sustainability of Digital Formats: Planning for Library of Congress Collections. HDF5, Hierarchical Data Format, Version 5},
    year = {2022},
    note = {May 2},
    howpublished = {\url{https://www.loc.gov/preservation/digital/formats/fdd/fdd000229.shtml}}
}

@misc{rcsb,
    author = {RCSB Protein Data Bank},
    title = {1IC6: Structure of a serine protease proteinase K from Tritirachium album limber at 0.98 Ã… resolution},
    howpublished = {RCSB PDB},
    note = {\url{https://www.rcsb.org/structure/1ic6}},
    year = {n.d.}
}

@misc{reborn,
    author = {kirianlab},
    title = {Kirianlab / reborn},
    howpublished = {GitLab},
    note = {\url{https://gitlab.com/kirianlab/reborn}},
    year = {n.d.}
}

@manual{sfall,
    title = {SFALL (CCP4: Supported Program) - CCP4 documentation},
    organization = {CCP4},
    note = {\url{https://www.ccp4.ac.uk/html/sfall.html}},
    year = {n.d.}
}

@misc{crystfel_patternsim,
    author = {T. A. White and R. A. Kirian and A. V. Martin and A. Aquila and K. Nass and A. Barty and H. N. Chapman},
    title = {CrystFEL: a software suite for snapshot serial crystallography},
    journal = {Journal of Applied Crystallography},
    volume = {45},
    number = {2},
    pages = {335-341},
    year = {2012},
    note = {\url{https://www.desy.de/~twhite/crystfel/manual-pattern_sim.html}}
}

@misc{tetragonal,
    title = {Tetragonal},
    howpublished = {\url{https://en.m.wikipedia.org/wiki/File:Tetragonal.svg}},
    year = {n.d.}
}

@misc{lcls_diagram,
    Title = {Free-electron Lasers Reveal Detailed Architecture of Proteins},        
    howpublished = {\url{https://www6.slac.stanford.edu/sites/default/files/styles/centered/public/lcls_howitworks_boutet.jpg?itok=ShfJEUb_}},
    note = {June},    
    year = {2012}
}
